51803.3, 53266.7, 50603.3, 49630
61000
53846.7
1855, 535.248
0.709123
111111111111111111111111111111
47270, 49103.3, 45966.7, 46216.7
56000
49960
1833, 527.788
0.615889
999999999999999999999999999999
111111111111111111111111111111
47056.7, 48823.3, 45933.3, 46586.7
55000
50170
1838, 534.92
0.616533
999999999999999999999999999999
111111111111111111111111111111
46226.7, 49153.3, 45256.7, 45830
55000
49320
1832, 532.504
0.619456
999999999999999999999999999999
111111111111111111111111111111
46006.7, 48146.7, 44393.3, 45343.3
55000
49176.7
1850, 538.46
0.619377
999999999999999999999999999999
111111111111111111111111111111
51053.3, 52603.3, 49366.7, 49353.3
58000
53380
1875, 542.947
0.713424
999999999999999999999999999999
